<?xml version="1.0" encoding="UTF-8"?><collection xmlns="http://www.loc.gov/MARC21/slim"><record><leader>00322nam--2200133-i-4500</leader><controlfield tag="001">000031282</controlfield><controlfield tag="002">20161230</controlfield><controlfield tag="005">20161230201038</controlfield><controlfield tag="008">060222s1000------------r-----000-0-eng-d</controlfield><datafield ind1=" " ind2=" " tag="080"><subfield code="a">621.35</subfield></datafield><datafield ind1=" " ind2=" " tag="100"><subfield code="a">Machu, Willi</subfield></datafield><datafield ind1=" " ind2=" " tag="245"><subfield code="a">Moderne galvanotechnik</subfield></datafield><datafield ind1=" " ind2=" " tag="260"><subfield code="a">Weinheim, Verlag Chemie, 1954. 569p. Cu Fig</subfield></datafield><datafield ind1=" " ind2=" " tag="852"><subfield code="a">11626</subfield></datafield></record></collection>